[gd_scene load_steps=6 format=3 uid="uid://d38xijiofa6kh"]

[ext_resource type="FontFile" uid="uid://3nf7hnlxabtj" path="res://assets/fonts/FuturaHandwritten.ttf" id="1_2v4vi"]
[ext_resource type="Script" path="res://main_menu/pause_menu.gd" id="1_6athl"]
[ext_resource type="Shader" path="res://main_menu/background_blur.gdshader" id="2_2mmsf"]
[ext_resource type="PackedScene" uid="uid://6j6b5o8xymju" path="res://main_menu/OptionsMenu.tscn" id="2_otsqj"]

[sub_resource type="ShaderMaterial" id="ShaderMaterial_bupvw"]
resource_local_to_scene = true
shader = ExtResource("2_2mmsf")
shader_parameter/amount = 0.0

[node name="PauseMenu" type="Control"]
top_level = true
layout_mode = 3
anchors_preset = 15
anchor_right = 1.0
anchor_bottom = 1.0
grow_horizontal = 2
grow_vertical = 2
size_flags_horizontal = 3
size_flags_vertical = 3
focus_mode = 2
script = ExtResource("1_6athl")

[node name="ColorRect" type="ColorRect" parent="."]
material = SubResource("ShaderMaterial_bupvw")
layout_mode = 1
anchors_preset = 15
anchor_right = 1.0
anchor_bottom = 1.0
grow_horizontal = 2
grow_vertical = 2

[node name="PauseContainer" type="MarginContainer" parent="."]
unique_name_in_owner = true
layout_mode = 1
anchors_preset = 8
anchor_left = 0.5
anchor_top = 0.5
anchor_right = 0.5
anchor_bottom = 0.5
offset_left = -100.0
offset_top = -170.0
offset_right = 100.0
offset_bottom = 170.0
grow_horizontal = 2
grow_vertical = 2

[node name="VBoxContainer" type="VBoxContainer" parent="PauseContainer"]
layout_mode = 2
size_flags_horizontal = 4
size_flags_vertical = 4
theme_override_constants/separation = 20

[node name="Resume" type="Button" parent="PauseContainer/VBoxContainer"]
custom_minimum_size = Vector2(200, 100)
layout_mode = 2
theme_override_fonts/font = ExtResource("1_2v4vi")
theme_override_font_sizes/font_size = 32
text = "Resume"

[node name="Options" type="Button" parent="PauseContainer/VBoxContainer"]
custom_minimum_size = Vector2(200, 100)
layout_mode = 2
theme_override_fonts/font = ExtResource("1_2v4vi")
theme_override_font_sizes/font_size = 32
text = "Options"

[node name="Save" type="Button" parent="PauseContainer/VBoxContainer"]
custom_minimum_size = Vector2(200, 100)
layout_mode = 2
theme_override_fonts/font = ExtResource("1_2v4vi")
theme_override_font_sizes/font_size = 32
text = "Save"

[node name="Quit" type="Button" parent="PauseContainer/VBoxContainer"]
custom_minimum_size = Vector2(200, 100)
layout_mode = 2
theme_override_fonts/font = ExtResource("1_2v4vi")
theme_override_font_sizes/font_size = 32
text = "Save & Quit"

[node name="OptionsMenu" parent="." instance=ExtResource("2_otsqj")]
unique_name_in_owner = true
visible = false
layout_mode = 1

[connection signal="pressed" from="PauseContainer/VBoxContainer/Resume" to="." method="_on_resume_pressed"]
[connection signal="pressed" from="PauseContainer/VBoxContainer/Options" to="." method="_on_options_pressed"]
[connection signal="pressed" from="PauseContainer/VBoxContainer/Save" to="." method="_on_save_pressed"]
[connection signal="pressed" from="PauseContainer/VBoxContainer/Quit" to="." method="_on_quit_pressed"]
