[gd_scene load_steps=37 format=3 uid="uid://cqpb3ie51rwl5"]

[ext_resource type="Script" path="res://visual_novel/layout/CustomDefault/default_layout_base.gd" id="1_ifsho"]
[ext_resource type="Script" path="res://visual_novel/layout/FullBackground/full_background_layer.gd" id="2_b13fe"]
[ext_resource type="Material" uid="uid://0wc7bedn7ee8" path="res://addons/dialogic/Modules/Background/default_background_transition.tres" id="3_72irp"]
[ext_resource type="Script" path="res://addons/dialogic/Modules/Character/node_portrait_container.gd" id="4_eltx5"]
[ext_resource type="Script" path="res://addons/dialogic/Modules/Background/node_background_holder.gd" id="4_v12bo"]
[ext_resource type="Script" path="res://addons/dialogic/Modules/DefaultLayoutParts/Layer_VN_Portraits/vn_portrait_layer.gd" id="5_2pcel"]
[ext_resource type="Script" path="res://addons/dialogic/Modules/DefaultLayoutParts/Layer_VN_Textbox/vn_textbox_layer.gd" id="5_g3ut1"]
[ext_resource type="Script" path="res://addons/dialogic/Modules/DefaultLayoutParts/Layer_VN_Textbox/animations.gd" id="6_2yjvx"]
[ext_resource type="StyleBox" uid="uid://dkv1pl1c1dq6" path="res://addons/dialogic/Modules/DefaultLayoutParts/Layer_VN_Textbox/vn_textbox_default_panel.tres" id="7_jdu86"]
[ext_resource type="PackedScene" uid="uid://cn674foxwedqu" path="res://addons/dialogic/Modules/DefaultLayoutParts/Layer_Input/full_advance_input_layer.tscn" id="8_oeugs"]
[ext_resource type="Script" path="res://addons/dialogic/Modules/Text/node_dialog_text.gd" id="9_4m3bu"]
[ext_resource type="Script" path="res://addons/dialogic/Modules/Text/node_type_sound.gd" id="10_05vi6"]
[ext_resource type="PackedScene" uid="uid://dsbwnp5hegnu3" path="res://addons/dialogic/Modules/DefaultLayoutParts/Layer_Glossary/glossary_popup_layer.tscn" id="10_bvkla"]
[ext_resource type="Script" path="res://addons/dialogic/Modules/Text/node_next_indicator.gd" id="11_asi8p"]
[ext_resource type="Script" path="res://addons/dialogic/Modules/DefaultLayoutParts/Layer_VN_Textbox/autoadvance_indicator.gd" id="13_1j4s5"]
[ext_resource type="StyleBox" uid="uid://m7gyepkysu83" path="res://addons/dialogic/Modules/DefaultLayoutParts/Layer_VN_Textbox/vn_textbox_name_label_panel.tres" id="14_yb0bs"]
[ext_resource type="Script" path="res://addons/dialogic/Modules/Text/node_name_label.gd" id="15_7otfu"]
[ext_resource type="Script" path="res://addons/dialogic/Modules/DefaultLayoutParts/Layer_VN_Choices/vn_choice_layer.gd" id="17_o5ujb"]
[ext_resource type="Script" path="res://addons/dialogic/Modules/Choice/node_choice_button.gd" id="18_rbbus"]
[ext_resource type="Script" path="res://addons/dialogic/Modules/Choice/node_button_sound.gd" id="19_jmupb"]
[ext_resource type="AudioStream" uid="uid://b6c1p14bc20p1" path="res://addons/dialogic/Example Assets/sound-effects/typing1.wav" id="20_gf0sa"]
[ext_resource type="AudioStream" uid="uid://c2viukvbub6v6" path="res://addons/dialogic/Example Assets/sound-effects/typing4.wav" id="21_1d7of"]
[ext_resource type="Script" path="res://addons/dialogic/Modules/DefaultLayoutParts/Layer_TextInput/text_input_layer.gd" id="22_hj5ha"]
[ext_resource type="Script" path="res://addons/dialogic/Modules/TextInput/node_text_input.gd" id="23_axmdn"]
[ext_resource type="Script" path="res://addons/dialogic/Modules/DefaultLayoutParts/Layer_History/history_layer.gd" id="24_viahi"]
[ext_resource type="PackedScene" uid="uid://cuoywrmvda1yg" path="res://addons/dialogic/Modules/DefaultLayoutParts/Layer_History/example_history_item.tscn" id="25_tj4pw"]

[sub_resource type="Animation" id="Animation_au0a2"]
length = 0.001
tracks/0/type = "value"
tracks/0/imported = false
tracks/0/enabled = true
tracks/0/path = NodePath("DialogicTextAnchor/DialogTextAnimationParent:position")
tracks/0/interp = 1
tracks/0/loop_wrap = true
tracks/0/keys = {
"times": PackedFloat32Array(0),
"transitions": PackedFloat32Array(1),
"update": 0,
"values": [Vector2(0, 0)]
}
tracks/1/type = "value"
tracks/1/imported = false
tracks/1/enabled = true
tracks/1/path = NodePath("DialogicTextAnchor/DialogTextAnimationParent:rotation")
tracks/1/interp = 1
tracks/1/loop_wrap = true
tracks/1/keys = {
"times": PackedFloat32Array(0),
"transitions": PackedFloat32Array(1),
"update": 0,
"values": [0.0]
}
tracks/2/type = "value"
tracks/2/imported = false
tracks/2/enabled = true
tracks/2/path = NodePath("DialogicTextAnchor/DialogTextAnimationParent:scale")
tracks/2/interp = 1
tracks/2/loop_wrap = true
tracks/2/keys = {
"times": PackedFloat32Array(0),
"transitions": PackedFloat32Array(1),
"update": 0,
"values": [Vector2(1, 1)]
}
tracks/3/type = "value"
tracks/3/imported = false
tracks/3/enabled = true
tracks/3/path = NodePath("DialogicTextAnchor/DialogTextAnimationParent:modulate")
tracks/3/interp = 1
tracks/3/loop_wrap = true
tracks/3/keys = {
"times": PackedFloat32Array(0),
"transitions": PackedFloat32Array(1),
"update": 0,
"values": [Color(1, 1, 1, 1)]
}
tracks/4/type = "bezier"
tracks/4/imported = false
tracks/4/enabled = true
tracks/4/path = NodePath("DialogicTextAnchor/DialogTextAnimationParent/Minimizer/DialogTextPanel:rotation")
tracks/4/interp = 1
tracks/4/loop_wrap = true
tracks/4/keys = {
"handle_modes": PackedInt32Array(0),
"points": PackedFloat32Array(0, -0.25, 0, 0.25, 0),
"times": PackedFloat32Array(0)
}

[sub_resource type="Animation" id="Animation_6kbwc"]
resource_name = "new_text"
length = 0.4
tracks/0/type = "bezier"
tracks/0/imported = false
tracks/0/enabled = true
tracks/0/path = NodePath("DialogicTextAnchor/DialogTextAnimationParent/Minimizer/DialogTextPanel:rotation")
tracks/0/interp = 1
tracks/0/loop_wrap = true
tracks/0/keys = {
"handle_modes": PackedInt32Array(3, 3, 3, 3, 3),
"points": PackedFloat32Array(0, -0.025, 0, 0.025, 0, 0.005, -0.025, 0, 0.025, 0, -0.005, -0.025, 0, 0.025, 0, 0.005, -0.025, 0, 0.025, 0, 0, -0.025, 0, 0.025, 0),
"times": PackedFloat32Array(0, 0.1, 0.2, 0.3, 0.4)
}

[sub_resource type="Animation" id="Animation_g6k55"]
resource_name = "textbox_fade_up"
length = 0.7
tracks/0/type = "value"
tracks/0/imported = false
tracks/0/enabled = true
tracks/0/path = NodePath("DialogicTextAnchor/DialogTextAnimationParent:position")
tracks/0/interp = 2
tracks/0/loop_wrap = true
tracks/0/keys = {
"times": PackedFloat32Array(0, 0.3, 0.7),
"transitions": PackedFloat32Array(1, 1, 1),
"update": 0,
"values": [Vector2(0, 50), Vector2(0, 19.6793), Vector2(0, 0)]
}
tracks/1/type = "value"
tracks/1/imported = false
tracks/1/enabled = true
tracks/1/path = NodePath("DialogicTextAnchor/DialogTextAnimationParent:modulate")
tracks/1/interp = 1
tracks/1/loop_wrap = true
tracks/1/keys = {
"times": PackedFloat32Array(0.1, 0.6),
"transitions": PackedFloat32Array(1, 1),
"update": 0,
"values": [Color(1, 1, 1, 0), Color(1, 1, 1, 1)]
}
tracks/2/type = "value"
tracks/2/imported = false
tracks/2/enabled = true
tracks/2/path = NodePath("DialogicTextAnchor/DialogTextAnimationParent:rotation")
tracks/2/interp = 1
tracks/2/loop_wrap = true
tracks/2/keys = {
"times": PackedFloat32Array(0),
"transitions": PackedFloat32Array(1),
"update": 0,
"values": [0.0]
}
tracks/3/type = "value"
tracks/3/imported = false
tracks/3/enabled = true
tracks/3/path = NodePath("DialogicTextAnchor/DialogTextAnimationParent:scale")
tracks/3/interp = 1
tracks/3/loop_wrap = true
tracks/3/keys = {
"times": PackedFloat32Array(0),
"transitions": PackedFloat32Array(1),
"update": 0,
"values": [Vector2(1, 1)]
}

[sub_resource type="Animation" id="Animation_htbgc"]
resource_name = "textbox_pop"
length = 0.3
tracks/0/type = "value"
tracks/0/imported = false
tracks/0/enabled = true
tracks/0/path = NodePath("DialogicTextAnchor/DialogTextAnimationParent:position")
tracks/0/interp = 2
tracks/0/loop_wrap = true
tracks/0/keys = {
"times": PackedFloat32Array(0),
"transitions": PackedFloat32Array(1),
"update": 0,
"values": [Vector2(0, 0)]
}
tracks/1/type = "value"
tracks/1/imported = false
tracks/1/enabled = true
tracks/1/path = NodePath("DialogicTextAnchor/DialogTextAnimationParent:rotation")
tracks/1/interp = 2
tracks/1/loop_wrap = true
tracks/1/keys = {
"times": PackedFloat32Array(0, 0.2, 0.3),
"transitions": PackedFloat32Array(1, 1, 1),
"update": 0,
"values": [-0.0899883, 0.0258223, 0.0]
}
tracks/2/type = "value"
tracks/2/imported = false
tracks/2/enabled = true
tracks/2/path = NodePath("DialogicTextAnchor/DialogTextAnimationParent:scale")
tracks/2/interp = 2
tracks/2/loop_wrap = true
tracks/2/keys = {
"times": PackedFloat32Array(0, 0.2, 0.3),
"transitions": PackedFloat32Array(1, 1, 1),
"update": 0,
"values": [Vector2(0.793957, 0.778082), Vector2(0.937299, 1.14248), Vector2(1, 1)]
}
tracks/3/type = "value"
tracks/3/imported = false
tracks/3/enabled = true
tracks/3/path = NodePath("DialogicTextAnchor/DialogTextAnimationParent:modulate")
tracks/3/interp = 1
tracks/3/loop_wrap = true
tracks/3/keys = {
"times": PackedFloat32Array(0, 0.3),
"transitions": PackedFloat32Array(1, 1),
"update": 0,
"values": [Color(1, 1, 1, 0), Color(1, 1, 1, 1)]
}

[sub_resource type="AnimationLibrary" id="AnimationLibrary_c14kh"]
_data = {
"RESET": SubResource("Animation_au0a2"),
"new_text": SubResource("Animation_6kbwc"),
"textbox_fade_up": SubResource("Animation_g6k55"),
"textbox_pop": SubResource("Animation_htbgc")
}

[sub_resource type="FontVariation" id="FontVariation_v8y64"]

[sub_resource type="AudioStream" id="AudioStream_pe27w"]

[sub_resource type="StyleBoxFlat" id="StyleBoxFlat_3dpjm"]
content_margin_left = 15.0
content_margin_top = 15.0
content_margin_right = 15.0
content_margin_bottom = 15.0
bg_color = Color(1, 1, 1, 1)
corner_radius_top_left = 5
corner_radius_top_right = 5
corner_radius_bottom_right = 5
corner_radius_bottom_left = 5

[sub_resource type="Theme" id="Theme_8xwp1"]

[sub_resource type="StyleBoxFlat" id="StyleBoxFlat_1hdvb"]
content_margin_left = 10.0
content_margin_top = 10.0
content_margin_right = 10.0
content_margin_bottom = 10.0
bg_color = Color(0, 0, 0, 0.776471)
border_color = Color(0.8, 0.8, 0.8, 0)
corner_radius_top_left = 20
corner_radius_top_right = 20
corner_radius_bottom_right = 20
corner_radius_bottom_left = 20

[node name="Custom" type="CanvasLayer"]
layer = -1
script = ExtResource("1_ifsho")
global_font_size = 18

[node name="BackgroundLayer" type="Control" parent="."]
show_behind_parent = true
layout_mode = 3
anchors_preset = 15
anchor_right = 1.0
anchor_bottom = 1.0
grow_horizontal = 2
grow_vertical = 2
script = ExtResource("2_b13fe")
apply_overrides_on_ready = true

[node name="DialogicNode_BackgroundHolder" type="ColorRect" parent="BackgroundLayer"]
material = ExtResource("3_72irp")
layout_mode = 1
anchors_preset = 15
anchor_right = 1.0
anchor_bottom = 1.0
grow_horizontal = 2
grow_vertical = 2
script = ExtResource("4_v12bo")

[node name="VN_PortraitLayer" type="Control" parent="."]
layout_mode = 3
anchors_preset = 15
anchor_right = 1.0
anchor_bottom = 1.0
grow_horizontal = 2
grow_vertical = 2
script = ExtResource("5_2pcel")
apply_overrides_on_ready = true

[node name="Portraits" type="Control" parent="VN_PortraitLayer"]
unique_name_in_owner = true
layout_mode = 1
anchors_preset = 15
anchor_right = 1.0
anchor_bottom = 1.0
grow_horizontal = 2
grow_vertical = 2
mouse_filter = 2

[node name="DialogicNode_PortraitContainer1" type="Control" parent="VN_PortraitLayer/Portraits"]
layout_mode = 1
anchor_right = 0.231771
anchor_bottom = 1.0
offset_right = -0.000335693
offset_bottom = -300.0
grow_vertical = 2
mouse_filter = 2
script = ExtResource("4_eltx5")
metadata/_edit_use_anchors_ = true

[node name="DialogicNode_PortraitContainer2" type="Control" parent="VN_PortraitLayer/Portraits"]
layout_mode = 1
anchor_left = 0.190104
anchor_right = 0.401042
anchor_bottom = 1.0
offset_bottom = -300.0
grow_horizontal = 2
grow_vertical = 2
mouse_filter = 2
script = ExtResource("4_eltx5")
position_index = 1
metadata/_edit_use_anchors_ = true

[node name="DialogicNode_PortraitContainer3" type="Control" parent="VN_PortraitLayer/Portraits"]
layout_mode = 1
anchor_left = 0.371528
anchor_right = 0.625868
anchor_bottom = 1.0
offset_bottom = -300.0
grow_horizontal = 2
grow_vertical = 2
mouse_filter = 2
script = ExtResource("4_eltx5")
position_index = 2
metadata/_edit_use_anchors_ = true

[node name="DialogicNode_PortraitContainer4" type="Control" parent="VN_PortraitLayer/Portraits"]
layout_mode = 1
anchor_left = 0.592882
anchor_right = 0.805556
anchor_bottom = 0.996914
offset_bottom = -300.0
grow_horizontal = 2
grow_vertical = 2
mouse_filter = 2
script = ExtResource("4_eltx5")
position_index = 3
metadata/_edit_use_anchors_ = true

[node name="DialogicNode_PortraitContainer5" type="Control" parent="VN_PortraitLayer/Portraits"]
layout_mode = 1
anchor_left = 0.776042
anchor_top = -0.00462963
anchor_right = 1.00434
anchor_bottom = 1.0
offset_left = 0.000366211
offset_top = 5.0
offset_right = 0.00012207
offset_bottom = -300.0
grow_horizontal = 2
grow_vertical = 2
mouse_filter = 2
script = ExtResource("4_eltx5")
position_index = 4
metadata/_edit_use_anchors_ = true

[node name="VN_Textbox_Layer" type="Control" parent="."]
layout_mode = 3
anchors_preset = 15
anchor_right = 1.0
anchor_bottom = 1.0
grow_horizontal = 2
grow_vertical = 2
mouse_filter = 2
script = ExtResource("5_g3ut1")
text_use_global_size = false
text_size = 32
text_use_global_color = false
text_use_global_font = false
normal_font = "res://assets/fonts/FuturaHandwritten.ttf"
bold_font = "res://assets/fonts/FuturaHandwritten.ttf"
italic_font = "res://assets/fonts/FuturaHandwritten.ttf"
bold_italic_font = "res://assets/fonts/FuturaHandwritten.ttf"
box_panel = "res://addons/dialogic/Modules/DefaultLayoutParts/Layer_VN_Textbox/vn_textbox_default_panel.tres"
box_color_use_global = false
box_color_custom = Color(0, 0, 0, 0.686275)
box_size = Vector2(1600, 300)
box_animation_in = 0
box_animation_out = 0
name_label_use_global_font = false
name_label_font = "res://assets/fonts/FuturaHandwritten.ttf"
name_label_use_global_font_size = false
name_label_custom_font_size = 40
name_label_box_panel = "res://addons/dialogic/Modules/DefaultLayoutParts/Layer_VN_Textbox/vn_textbox_name_label_panel.tres"
name_label_box_use_global_color = false
name_label_box_modulate = Color(0, 0, 0, 0.784314)
name_label_box_offset = Vector2(0, -30)
apply_overrides_on_ready = true

[node name="Animations" type="AnimationPlayer" parent="VN_Textbox_Layer"]
unique_name_in_owner = true
libraries = {
"": SubResource("AnimationLibrary_c14kh")
}
autoplay = "RESET"
script = ExtResource("6_2yjvx")

[node name="DialogicTextAnchor" type="Control" parent="VN_Textbox_Layer"]
layout_mode = 1
anchors_preset = 7
anchor_left = 0.5
anchor_top = 1.0
anchor_right = 0.5
anchor_bottom = 1.0
grow_horizontal = 2
grow_vertical = 0

[node name="DialogTextAnimationParent" type="Control" parent="VN_Textbox_Layer/DialogicTextAnchor"]
layout_mode = 1
anchors_preset = 7
anchor_left = 0.5
anchor_top = 1.0
anchor_right = 0.5
anchor_bottom = 1.0
grow_horizontal = 2
grow_vertical = 0
mouse_filter = 2

[node name="Minimizer" type="CenterContainer" parent="VN_Textbox_Layer/DialogicTextAnchor/DialogTextAnimationParent"]
unique_name_in_owner = true
layout_mode = 1
anchors_preset = 7
anchor_left = 0.5
anchor_top = 1.0
anchor_right = 0.5
anchor_bottom = 1.0
offset_left = -17.0
offset_top = -50.0
offset_right = 17.0
offset_bottom = -10.0
grow_horizontal = 2
grow_vertical = 0

[node name="DialogTextPanel" type="PanelContainer" parent="VN_Textbox_Layer/DialogicTextAnchor/DialogTextAnimationParent/Minimizer"]
unique_name_in_owner = true
self_modulate = Color(0.00784314, 0.00784314, 0.00784314, 0.843137)
custom_minimum_size = Vector2(400, 100)
layout_mode = 2
mouse_filter = 2
theme_override_styles/panel = ExtResource("7_jdu86")
metadata/_edit_layout_mode = 1

[node name="DialogicNode_DialogText" type="RichTextLabel" parent="VN_Textbox_Layer/DialogicTextAnchor/DialogTextAnimationParent/Minimizer/DialogTextPanel" node_paths=PackedStringArray("textbox_root")]
unique_name_in_owner = true
layout_mode = 2
mouse_filter = 1
theme_override_colors/default_color = Color(1, 1, 1, 1)
theme_override_font_sizes/normal_font_size = 15
theme_override_font_sizes/bold_font_size = 15
theme_override_font_sizes/italics_font_size = 15
theme_override_font_sizes/bold_italics_font_size = 15
bbcode_enabled = true
text = "Some default text"
visible_characters_behavior = 1
script = ExtResource("9_4m3bu")
textbox_root = NodePath("..")

[node name="DialogicNode_TypeSounds" type="AudioStreamPlayer" parent="VN_Textbox_Layer/DialogicTextAnchor/DialogTextAnimationParent/Minimizer/DialogTextPanel/DialogicNode_DialogText"]
unique_name_in_owner = true
script = ExtResource("10_05vi6")
play_every_character = 0

[node name="NextIndicator" type="Control" parent="VN_Textbox_Layer/DialogicTextAnchor/DialogTextAnimationParent/Minimizer/DialogTextPanel"]
unique_name_in_owner = true
custom_minimum_size = Vector2(40, 40)
layout_mode = 2
size_flags_horizontal = 8
size_flags_vertical = 8
script = ExtResource("11_asi8p")
show_on_questions = true
metadata/_edit_layout_mode = 1

[node name="AutoAdvanceProgressbar" type="ProgressBar" parent="VN_Textbox_Layer/DialogicTextAnchor/DialogTextAnimationParent/Minimizer/DialogTextPanel"]
unique_name_in_owner = true
modulate = Color(1, 1, 1, 0.188235)
custom_minimum_size = Vector2(0, 10)
layout_mode = 2
size_flags_vertical = 8
max_value = 1.0
step = 0.001
value = 0.5
show_percentage = false
script = ExtResource("13_1j4s5")

[node name="NameLabelHolder" type="Control" parent="VN_Textbox_Layer/DialogicTextAnchor/DialogTextAnimationParent/Minimizer/DialogTextPanel"]
layout_mode = 2
mouse_filter = 2

[node name="NameLabelPanel" type="PanelContainer" parent="VN_Textbox_Layer/DialogicTextAnchor/DialogTextAnimationParent/Minimizer/DialogTextPanel/NameLabelHolder"]
unique_name_in_owner = true
self_modulate = Color(0.00784314, 0.00784314, 0.00784314, 0.843137)
layout_mode = 1
offset_top = -50.0
offset_right = 9.0
offset_bottom = -25.0
theme_override_styles/panel = ExtResource("14_yb0bs")
metadata/_edit_layout_mode = 1
metadata/_edit_use_custom_anchors = true
metadata/_edit_group_ = true

[node name="DialogicNode_NameLabel" type="Label" parent="VN_Textbox_Layer/DialogicTextAnchor/DialogTextAnimationParent/Minimizer/DialogTextPanel/NameLabelHolder/NameLabelPanel" node_paths=PackedStringArray("name_label_root")]
unique_name_in_owner = true
layout_mode = 2
theme_override_colors/font_color = Color(1, 1, 1, 1)
theme_override_fonts/font = SubResource("FontVariation_v8y64")
theme_override_font_sizes/font_size = 15
text = "S"
script = ExtResource("15_7otfu")
name_label_root = NodePath("..")

[node name="FullAdvanceInputLayer" parent="." instance=ExtResource("8_oeugs")]
apply_overrides_on_ready = true

[node name="Glossary" parent="." instance=ExtResource("10_bvkla")]
apply_overrides_on_ready = true

[node name="VN_Choice_Layer" type="Control" parent="."]
layout_mode = 3
anchors_preset = 15
anchor_right = 1.0
anchor_bottom = 1.0
grow_horizontal = 2
grow_vertical = 2
mouse_filter = 2
script = ExtResource("17_o5ujb")
apply_overrides_on_ready = true

[node name="Choices" type="VBoxContainer" parent="VN_Choice_Layer"]
layout_mode = 1
anchors_preset = 8
anchor_left = 0.5
anchor_top = 0.5
anchor_right = 0.5
anchor_bottom = 0.5
offset_left = -86.5
offset_top = -103.0
offset_right = 86.5
offset_bottom = 103.0
grow_horizontal = 2
grow_vertical = 2
mouse_filter = 2
alignment = 1
metadata/_edit_layout_mode = 1

[node name="DialogicNode_ChoiceButton1" type="Button" parent="VN_Choice_Layer/Choices"]
layout_mode = 2
text = "Some text"
script = ExtResource("18_rbbus")

[node name="DialogicNode_ChoiceButton2" type="Button" parent="VN_Choice_Layer/Choices"]
layout_mode = 2
text = "Some text"
script = ExtResource("18_rbbus")

[node name="DialogicNode_ChoiceButton3" type="Button" parent="VN_Choice_Layer/Choices"]
layout_mode = 2
text = "Some text"
script = ExtResource("18_rbbus")

[node name="DialogicNode_ChoiceButton4" type="Button" parent="VN_Choice_Layer/Choices"]
layout_mode = 2
text = "Some text"
script = ExtResource("18_rbbus")

[node name="DialogicNode_ChoiceButton5" type="Button" parent="VN_Choice_Layer/Choices"]
layout_mode = 2
text = "Some text"
script = ExtResource("18_rbbus")

[node name="DialogicNode_ChoiceButton6" type="Button" parent="VN_Choice_Layer/Choices"]
layout_mode = 2
text = "Some text"
script = ExtResource("18_rbbus")

[node name="DialogicNode_ChoiceButton7" type="Button" parent="VN_Choice_Layer/Choices"]
layout_mode = 2
text = "Some text"
script = ExtResource("18_rbbus")

[node name="DialogicNode_ChoiceButton8" type="Button" parent="VN_Choice_Layer/Choices"]
layout_mode = 2
text = "Some text"
script = ExtResource("18_rbbus")

[node name="DialogicNode_ChoiceButton9" type="Button" parent="VN_Choice_Layer/Choices"]
layout_mode = 2
text = "Some text"
script = ExtResource("18_rbbus")

[node name="DialogicNode_ChoiceButton10" type="Button" parent="VN_Choice_Layer/Choices"]
layout_mode = 2
text = "Some text"
script = ExtResource("18_rbbus")

[node name="DialogicNode_ChoiceButton11" type="Button" parent="VN_Choice_Layer/Choices"]
layout_mode = 2
text = "Some text"
script = ExtResource("18_rbbus")

[node name="DialogicNode_ButtonSound" type="AudioStreamPlayer" parent="VN_Choice_Layer/Choices"]
unique_name_in_owner = true
script = ExtResource("19_jmupb")
sound_pressed = ExtResource("20_gf0sa")
sound_hover = ExtResource("21_1d7of")
sound_focus = SubResource("AudioStream_pe27w")

[node name="TextInputLayer" type="Control" parent="."]
layout_mode = 3
anchors_preset = 15
anchor_right = 1.0
anchor_bottom = 1.0
grow_horizontal = 2
grow_vertical = 2
mouse_filter = 2
script = ExtResource("22_hj5ha")
apply_overrides_on_ready = true

[node name="DialogicNode_TextInput" type="Control" parent="TextInputLayer"]
layout_mode = 1
anchors_preset = 8
anchor_left = 0.5
anchor_top = 0.5
anchor_right = 0.5
anchor_bottom = 0.5
offset_left = -210.0
offset_top = -50.0
offset_right = 210.0
offset_bottom = 50.0
grow_horizontal = 2
grow_vertical = 2
mouse_filter = 2
script = ExtResource("23_axmdn")
input_line_edit = NodePath("TextInputPanel/VBoxContainer/InputField")
text_label = NodePath("TextInputPanel/VBoxContainer/TextLabel")
confirmation_button = NodePath("TextInputPanel/VBoxContainer/ConfirmationButton")
metadata/_edit_layout_mode = 1

[node name="TextInputPanel" type="PanelContainer" parent="TextInputLayer/DialogicNode_TextInput"]
unique_name_in_owner = true
self_modulate = Color(0, 0, 0, 0.780392)
layout_mode = 1
anchors_preset = 15
anchor_right = 1.0
anchor_bottom = 1.0
grow_horizontal = 2
grow_vertical = 2
theme_override_styles/panel = SubResource("StyleBoxFlat_3dpjm")

[node name="VBoxContainer" type="VBoxContainer" parent="TextInputLayer/DialogicNode_TextInput/TextInputPanel"]
layout_mode = 2

[node name="TextLabel" type="Label" parent="TextInputLayer/DialogicNode_TextInput/TextInputPanel/VBoxContainer"]
unique_name_in_owner = true
layout_mode = 2
theme = SubResource("Theme_8xwp1")
text = "Please enter some text:"
autowrap_mode = 3

[node name="InputField" type="LineEdit" parent="TextInputLayer/DialogicNode_TextInput/TextInputPanel/VBoxContainer"]
layout_mode = 2

[node name="ConfirmationButton" type="Button" parent="TextInputLayer/DialogicNode_TextInput/TextInputPanel/VBoxContainer"]
layout_mode = 2
size_flags_horizontal = 8
text = "Confirmar"

[node name="ExampleHistoryScene" type="Control" parent="."]
visible = false
layout_direction = 1
layout_mode = 3
anchors_preset = 15
anchor_right = 1.0
anchor_bottom = 1.0
grow_horizontal = 2
grow_vertical = 2
size_flags_horizontal = 3
size_flags_vertical = 3
mouse_filter = 2
script = ExtResource("24_viahi")
HistoryItem = ExtResource("25_tj4pw")
apply_overrides_on_ready = true

[node name="HistoryBox" type="ScrollContainer" parent="ExampleHistoryScene"]
unique_name_in_owner = true
visible = false
layout_mode = 1
anchors_preset = 15
anchor_right = 1.0
anchor_bottom = 1.0
offset_left = 74.0
offset_top = 65.0
offset_right = -74.0
offset_bottom = -57.0
grow_horizontal = 2
grow_vertical = 2
size_flags_vertical = 3
theme_override_styles/panel = SubResource("StyleBoxFlat_1hdvb")
horizontal_scroll_mode = 0

[node name="HistoryLog" type="VBoxContainer" parent="ExampleHistoryScene/HistoryBox"]
unique_name_in_owner = true
layout_direction = 1
layout_mode = 2
size_flags_horizontal = 3
size_flags_vertical = 3

[node name="ShowHistory" type="Button" parent="ExampleHistoryScene"]
layout_mode = 1
offset_right = 64.0
offset_bottom = 31.0
size_flags_horizontal = 4
size_flags_vertical = 4
text = "History"

[node name="HideHistory" type="Button" parent="ExampleHistoryScene"]
visible = false
layout_mode = 1
anchors_preset = 1
anchor_left = 1.0
anchor_right = 1.0
offset_left = -123.0
offset_top = 58.0
offset_right = -62.0
offset_bottom = 89.0
grow_horizontal = 0
size_flags_horizontal = 4
size_flags_vertical = 4
text = "Return"

[connection signal="pressed" from="ExampleHistoryScene/ShowHistory" to="ExampleHistoryScene" method="_on_show_history_pressed"]
[connection signal="pressed" from="ExampleHistoryScene/HideHistory" to="ExampleHistoryScene" method="_on_hide_history_pressed"]
